<record><leader>00000cas a2200000Ia 4500</leader><controlfield tag="001">25159556</controlfield><controlfield tag="008">920124c19929999wiuwr ne      0    0eng d</controlfield><datafield ind1=" " ind2=" " tag="010"><subfield code="a">sn 89080107 </subfield></datafield><datafield ind1=" " ind2=" " tag="040"><subfield code="a">NPV</subfield><subfield code="b">eng</subfield><subfield code="c">NPV</subfield><subfield code="d">OCL</subfield><subfield code="d">OCLCQ</subfield></datafield><datafield ind1=" " ind2=" " tag="043"><subfield code="a">n-us-wi</subfield></datafield><datafield ind1="0" ind2="0" tag="245"><subfield code="a">News-sickle-arrow.</subfield></datafield><datafield ind1=" " ind2=" " tag="260"><subfield code="a">Black Earth, Wis. :</subfield><subfield code="b">News Pub. Co.,</subfield><subfield code="c">1992-</subfield></datafield><datafield ind1=" " ind2=" " tag="300"><subfield code="a">v. :</subfield><subfield code="b">ill.</subfield></datafield><datafield ind1=" " ind2=" " tag="310"><subfield code="a">Weekly</subfield></datafield><datafield ind1="0" ind2=" " tag="362"><subfield code="a">Vol. 124, n.3 (Jan. 16, 1992)-</subfield></datafield><datafield ind1=" " ind2=" " tag="500"><subfield code="a">Editor: J. Donaldson, Jan. 1992-</subfield></datafield><datafield ind1=" " ind2=" " tag="530"><subfield code="a">Available on microfilm from The State Historical Society of Wisconsin.</subfield></datafield><datafield ind1=" " ind2=" " tag="752"><subfield code="a">United States</subfield><subfield code="b">Wisconsin</subfield><subfield code="c">Dane</subfield><subfield code="d">Black Earth.</subfield></datafield><datafield ind1=" " ind2=" " tag="752"><subfield code="a">United States</subfield><subfield code="b">Wisconsin</subfield><subfield code="c">Dane</subfield><subfield code="d">Mazomanie.</subfield></datafield><datafield ind1=" " ind2=" " tag="752"><subfield code="a">United States</subfield><subfield code="b">Wisconsin</subfield><subfield code="c">Dane</subfield><subfield code="d">Cross Plains.</subfield></datafield><datafield ind1="0" ind2="0" tag="780"><subfield code="t">Dane County news, Mazomanie sickle, Cross Plains arrow</subfield><subfield code="w">(DLC)sn 85040467</subfield></datafield></record>